@article{017250ar,
  title="La réforme pénale au Canada: l’apport de la Commission canadienne sur la détermination de la peine",
  author="Pires, Alvaro",
  journal="Criminologie",
  volume="20",
  number="2",
  pages="11--55",
  year="1987",
  publisher="Les Presses de l'Université de Montréal",
  doi="https://doi.org/10.7202/017250ar"
}


@article{schmit2022sentencing,
  title={Sentencing. La d{\'e}termination de la peine par le juge.},
  author={Schmit, Valentin and Kaminski, Dan},
  journal={{\'E}tude sur les caract{\'e}ristiques biographiques des juges influen{\c{c}}ant la d{\'e}cision p{\'e}nale},
  year={2022}
}


@article{al2019perception,
  title={La perception des juges {\`a} l'{\'e}gard des hommes et des femmes trafiquants de drogue au Qu{\'e}bec},
  author={Al-Ballouz, Fatima},
  year={2019}
}


@article{fogel1975we,
  title={We are the living proof},
  author={Fogel, David},
  journal={Cincinnati: Anderson},
  year={1975}
}


@article{hirsch1976doing,
  title={Doing justice: the choice of punishments},
  author={Hirsch, A von and others},
  journal={New York: Hill and Wang},
  year={1976}
}


@article{vanhamme2007recherche,
  title={La recherche en sentencing: un survol contextualis{\'e}},
  author={Vanhamme*, Fran{\c{c}}oise and Beyens**, Kristel},
  journal={D{\'e}viance et soci{\'e}t{\'e}},
  volume={31},
  number={2},
  pages={199--228},
  year={2007},
  publisher={Cairn/Isako}
}


@article{jodouin2009changer,
  title={Changer les lois, les id{\'e}es, les pratiques: r{\'e}flexions sur l’{\'e}chec de la r{\'e}forme de la d{\'e}termination de la peine},
  author={Jodouin, Andr{\'e} and Sylvestre, Marie-{\`E}ve},
  journal={Les Cahiers de droit},
  volume={50},
  number={3},
  pages={519--584},
  year={2009},
  publisher={{\'E}rudit}
}


@book{dixon1989organizational,
  title={The organizational context of criminal sentencing},
  author={Dixon, Jo},
  year={1989},
  publisher={Indiana University}
}


@book{pope1975sentencing,
  title={Sentencing of California felony offenders},
  author={Pope, Carl E},
  volume={6},
  year={1975},
  publisher={US Department of Justice, Law Enforcement Assistance Administration~…}
}


@article{johnston1987gender,
  title={Gender differences in the sentencing of felony offenders},
  author={Johnston, Janet B and Kennedy, Thomas D and Shuman, I Gayle},
  journal={Fed. Probation},
  volume={51},
  pages={49},
  year={1987},
  publisher={HeinOnline}
}


@article{kruttschnitt1984sex,
  title={The sex-sanctioning issue: Is it history?},
  author={Kruttschnitt, Candace and Green, Donald E},
  journal={American Sociological Review},
  pages={541--551},
  year={1984},
  publisher={JSTOR}
}


@article{young1986gender,
  title={Gender expectations and their impact on black female offenders and victims},
  author={Young, Vernetta D},
  journal={Justice Quarterly},
  volume={3},
  number={3},
  pages={305--327},
  year={1986},
  publisher={Taylor \& Francis}
}


@article{bontrager2013gender,
  title={Gender and sentencing: A meta-analysis of contemporary research},
  author={Bontrager, Stephanie and Barrick, Kelle and Stupi, Elizabeth},
  journal={J. Gender Race \& Just.},
  volume={16},
  pages={349},
  year={2013},
  publisher={HeinOnline}
}


@article{holland2021gender,
  title={Gender effects across place: A multilevel investigation of gender, race/ethnicity, and region in sentencing},
  author={Holland, Melanie M and Prohaska, Ariane},
  journal={Race and Justice},
  volume={11},
  number={1},
  pages={91--112},
  year={2021},
  publisher={Sage Publications Sage CA: Los Angeles, CA}
}


@article{steffensmeier1998interaction,
  title={The interaction of race, gender, and age in criminal sentencing: The punishment cost of being young, black, and male},
  author={Steffensmeier, Darrell and Ulmer, Jeffery and Kramer, John},
  journal={Criminology},
  volume={36},
  number={4},
  pages={763--798},
  year={1998},
  publisher={Wiley Online Library}
}


@article{spohn2011joint,
  title={The joint effects of offender race/ethnicity and gender on substantial assistance departures in federal courts},
  author={Spohn, Cassia and Brennan, Pauline K},
  journal={Race and Justice},
  volume={1},
  number={1},
  pages={49--78},
  year={2011},
  publisher={Sage Publications Sage CA: Los Angeles, CA}
}


@article{crew1991sex,
  title={Sex differences in criminal sentencing: Chivalry or patriarchy?},
  author={Crew, B Keith},
  year={1991},
  publisher={Taylor \& Francis}
}


@article{freiburger2011impact,
  title={The impact of gender, offense type, and familial role on the decision to incarcerate},
  author={Freiburger, Tina L},
  journal={Social Justice Research},
  volume={24},
  pages={143--167},
  year={2011},
  publisher={Springer}
}


@article{koons2002effect,
  title={The effect of gender on the decision to incarcerate before and after the introduction of sentencing guidelines},
  author={Koons-Witt, Barbara A},
  journal={Criminology},
  volume={40},
  number={2},
  pages={297--328},
  year={2002},
  publisher={Wiley Online Library}
}

