@article{sierz2008amelia,
  title={Amelia Howe Kritzer Political Theatre in Post-Thatcher Britain: New Writing 1995--2005Basingstoke: Palgrave Macmillan, 2008. 232 p.{\pounds} 45.00. ISBN: 978-1-4039-8829-4.},
  author={Sierz, Aleks},
  journal={New Theatre Quarterly},
  volume={24},
  number={4},
  pages={398--399},
  year={2008},
  publisher={Cambridge University Press}
}