
@article{vanhamme2007recherche,
  title={La recherche en sentencing: un survol contextualis{\'e}},
  author={Vanhamme*, Fran{\c{c}}oise and Beyens**, Kristel},
  journal={D{\'e}viance et soci{\'e}t{\'e}},
  volume={31},
  number={2},
  pages={199--228},
  year={2007},
  publisher={Cairn/Isako}
}

@inproceedings{spohn1998chivalry,
  title={Is chivalry dead? A multi-site study of gender, race, and imprisonment},
  author={Spohn, C},
  booktitle={annual meetings of the American Society of Criminology, Washington, DC},
  year={1998}
}


@article{pollak1950criminality,
  title={The criminality of women.},
  author={Pollak, Otto},
  year={1950},
  publisher={University of Pennsylvania Press}
}

@article{goethals1995vrouwen,
  title={Vrouwen en strafrechtsbedeling. Is er sprake van een geslachtsspecifiek selectieproces?|},
  author={Goethals, Johan and Maes, Eric and Klinckhamers, P},
  journal={Panopticon},
  volume={16},
  number={5},
  pages={420},
  year={1995}
}

@article{gelsthorpe2001critical,
  title={Critical decisions and processes in the criminal courts},
  author={Gelsthorpe, Loraine},
  journal={Controlling crime},
  pages={101--56},
  year={2001},
  publisher={Sage in association with Open University London}
}